% Note: At least some of the below citation entries were exported from Google Scholar.

@inproceedings{cannam2010sonic,
  title={Sonic Visualiser: An open source application for viewing, analysing, and annotating music audio files},
  author={Cannam, Chris and Landone, Christian and Sandler, Mark},
  booktitle={Proceedings of the international conference on Multimedia},
  pages={1467--1468},
  year={2010},
  organization={ACM}
}

@inproceedings{raimond2008web,
  title={A web of musical information},
  author={Raimond, Yves and Sandler, Mark B},
  booktitle={Proceedings of the International Conference on Music Information Retrieval},
  pages={263--268},
  year={2008}
}
